@inproceedings{achtert2007detection,
  title={Detection and visualization of subspace cluster hierarchies},
  author={Achtert, Elke and B{\"o}hm, Christian and Kriegel, Hans-Peter and Kr{\"o}ger, Peer and M{\"u}ller-Gorman, Ina and Zimek, Arthur},
  booktitle={International Conference on Database Systems for Advanced Applications},
  pages={152--163},
  year={2007},
  organization={Springer}
}
